<?xml version="1.0" encoding="UTF-8"?><record xmlns="http://www.loc.gov/MARC21/slim" xmlns:cinclude="http://apache.org/cocoon/include/1.0" xmlns:zs="http://www.loc.gov/zing/srw/">
  <leader>00404nz  a2200121n  4500</leader>
  <controlfield tag="001">n  93027270 </controlfield>
  <controlfield tag="003">DLC</controlfield>
  <controlfield tag="005">19930324144416.0</controlfield>
  <controlfield tag="008">930324n| acannaab|          |n ana |||  </controlfield>
  <datafield tag="010" ind1=" " ind2=" ">
    <subfield code="a">n  93027270 </subfield>
  </datafield>
  <datafield tag="040" ind1=" " ind2=" ">
    <subfield code="a">DLC</subfield>
    <subfield code="c">DLC</subfield>
  </datafield>
  <datafield tag="110" ind1="2" ind2="0">
    <subfield code="a">Robert Hartwig (Firm)</subfield>
  </datafield>
  <datafield tag="670" ind1=" " ind2=" ">
    <subfield code="a">Hartwig, R. Musik, c1991:</subfield>
    <subfield code="b">t.p. (Robert Hartwig, berliner Buch- und Kunstantiquariat; Robert Hartwig, Antiquariat) p. 301 (Robert Hartwig, Berlin)</subfield>
  </datafield>
</record>